@book{Hindry2011,
  title = {Arithmetics},
  ISBN = {9781447121312},
  ISSN = {2191-6675},
  url = {http://dx.doi.org/10.1007/978-1-4471-2131-2},
  DOI = {10.1007/978-1-4471-2131-2},
  journal = {Universitext},
  publisher = {Springer London},
  author = {Hindry,  Marc},
  year = {2011}
}